
@article{schelling_models_1969,
	title = {Models of segregation},
	volume = {59},
	number = {2},
	journal = {The American Economic Review},
	author = {Schelling, Thomas C.},
	year = {1969},
	pages = {488--493}
}